<record><leader>00000cas a2200000 a 4500</leader><controlfield tag="001">732734894</controlfield><controlfield tag="006">m     o  d        </controlfield><controlfield tag="007">cr |n|||||||||</controlfield><controlfield tag="008">770131d18801882azuwr n o     0   a0eng  </controlfield><datafield ind1=" " ind2=" " tag="010"><subfield code="a">  2012203884</subfield></datafield><datafield ind1=" " ind2=" " tag="040"><subfield code="a">Nz</subfield><subfield code="b">eng</subfield><subfield code="c">Z5A</subfield><subfield code="d">OCLCO</subfield><subfield code="d">DLC</subfield><subfield code="d">OCLCQ</subfield><subfield code="d">OCLCF</subfield><subfield code="d">OCLCQ</subfield></datafield><datafield ind1="0" ind2=" " tag="022"><subfield code="a">2169-6519</subfield><subfield code="y">2158-2653</subfield><subfield code="2">1</subfield></datafield><datafield ind1=" " ind2=" " tag="042"><subfield code="a">pcc</subfield><subfield code="a">nsdp</subfield></datafield><datafield ind1=" " ind2=" " tag="043"><subfield code="a">n-us-az</subfield></datafield><datafield ind1="1" ind2="0" tag="050"><subfield code="a">ISSN RECORD</subfield></datafield><datafield ind1="0" ind2="0" tag="082"><subfield code="a">071</subfield><subfield code="2">23</subfield></datafield><datafield ind1="0" ind2=" " tag="130"><subfield code="a">Tombstone epitaph (Tombstone, Ariz. : 1880 : Weekly : Online)</subfield></datafield><datafield ind1=" " ind2="4" tag="222"><subfield code="a">The Tombstone epitaph</subfield><subfield code="b">(Tombstone, Ariz. 1880. Weekly. Online)</subfield></datafield><datafield ind1="1" ind2="4" tag="245"><subfield code="a">The Tombstone epitaph.</subfield></datafield><datafield ind1="1" ind2=" " tag="246"><subfield code="a">Tombstone weekly epitaph</subfield></datafield><datafield ind1="1" ind2=" " tag="246"><subfield code="a">Weekly epitaph</subfield></datafield><datafield ind1=" " ind2=" " tag="260"><subfield code="a">Tombstone, Pima County, Ariz. :</subfield><subfield code="b">Clum, Sorin &amp; Co.,</subfield><subfield code="c">1880-1882.</subfield></datafield><datafield ind1=" " ind2=" " tag="310"><subfield code="a">Weekly</subfield></datafield><datafield ind1=" " ind2=" " tag="336"><subfield code="a">text</subfield><subfield code="b">txt</subfield><subfield code="2">rdacontent</subfield></datafield><datafield ind1=" " ind2=" " tag="337"><subfield code="a">computer</subfield><subfield code="b">c</subfield><subfield code="2">rdamedia</subfield></datafield><datafield ind1=" " ind2=" " tag="338"><subfield code="a">online resource</subfield><subfield code="b">cr</subfield><subfield code="2">rdacarrier</subfield></datafield><datafield ind1="1" ind2=" " tag="362"><subfield code="a">Print began with vol. 1, no. 1 (May 1, 1880); ceased with v. 3, no. 49 (June 17, 1882).</subfield></datafield><datafield ind1=" " ind2=" " tag="500"><subfield code="a">Publisher varies.</subfield></datafield><datafield ind1=" " ind2=" " tag="500"><subfield code="a">"Independent." Cf. Ayer, 1975.</subfield></datafield><datafield ind1=" " ind2=" " tag="530"><subfield code="a">Also issued in print.</subfield></datafield><datafield ind1=" " ind2=" " tag="538"><subfield code="a">Mode of access: World Wide Web.</subfield></datafield><datafield ind1=" " ind2=" " tag="588"><subfield code="a">Description based on print version record.</subfield></datafield><datafield ind1=" " ind2=" " tag="588"><subfield code="a">Latest issue consulted: Vol. 3, no. 49 (June 17, 1882) (Chroniclingamerica.loc.gov, viewed Sept. 10, 2012).</subfield></datafield><datafield ind1=" " ind2="0" tag="651"><subfield code="a">Tombstone (Ariz.)</subfield><subfield code="v">Newspapers.</subfield></datafield><datafield ind1=" " ind2="0" tag="651"><subfield code="a">Cochise County (Ariz.)</subfield><subfield code="v">Newspapers.</subfield></datafield><datafield ind1=" " ind2="7" tag="651"><subfield code="a">Arizona</subfield><subfield code="z">Cochise County.</subfield><subfield code="2">fast</subfield><subfield code="0">(OCoLC)fst01207405</subfield></datafield><datafield ind1=" " ind2="7" tag="651"><subfield code="a">Arizona</subfield><subfield code="z">Tombstone.</subfield><subfield code="2">fast</subfield><subfield code="0">(OCoLC)fst01212318</subfield></datafield><datafield ind1=" " ind2="7" tag="655"><subfield code="a">Newspapers.</subfield><subfield code="2">fast</subfield><subfield code="0">(OCoLC)fst01423814</subfield></datafield><datafield ind1=" " ind2=" " tag="752"><subfield code="a">United States</subfield><subfield code="b">Arizona</subfield><subfield code="c">Pima</subfield><subfield code="d">Tombstone.</subfield></datafield><datafield ind1=" " ind2=" " tag="752"><subfield code="a">United States</subfield><subfield code="b">Arizona</subfield><subfield code="c">Cochise</subfield><subfield code="d">Tombstone.</subfield></datafield><datafield ind1="1" ind2=" " tag="775"><subfield code="t">Tombstone epitaph (Tombstone, Ariz. : 1880 : Daily : Online)</subfield><subfield code="w">(OCoLC)732734892</subfield></datafield><datafield ind1="1" ind2=" " tag="776"><subfield code="t">Tombstone epitaph (Tombstone, Ariz. : 1880 : Weekly)</subfield><subfield code="x">2158-2653</subfield><subfield code="w">(DLC)sn 84021939</subfield><subfield code="w">(OCoLC)2711291</subfield></datafield><datafield ind1="0" ind2="0" tag="785"><subfield code="t">Tombstone weekly epitaph (Online)</subfield><subfield code="w">(OCoLC)732734897</subfield></datafield><datafield ind1="4" ind2="0" tag="856"><subfield code="u">http://YU7RZ9HN8Y.search.serialssolutions.com/?V=1.0&amp;L=YU7RZ9HN8Y&amp;S=JCs&amp;C=TC0000456228&amp;T=marc</subfield></datafield><datafield ind1="4" ind2="0" tag="856"><subfield code="u">http://www.loc.gov/chroniclingamerica/lccn/sn84021939/issues</subfield></datafield><datafield ind1="0" ind2=" " tag="029"><subfield code="a">NZ1</subfield><subfield code="b">13700840</subfield></datafield></record>